@INPROCEEDINGS{RAMESH:2012,
author={U. B. K. Ramesh and S. Sentilles and I. Crnkovic},
booktitle={2012 First International Workshop on Green and Sustainable Software (GREENS)},
title={Energy management in embedded systems: Towards a taxonomy},
year={2012},
pages={41-44},
keywords={embedded systems;energy consumption;optimisation;embedded systems;energy consumption optimization;energy management;taxonomy;Computers;Embedded systems;Energy consumption;Hardware;Optimization;Taxonomy;Embedded systems;Energy consumption;Systematic review},
doi={10.1109/GREENS.2012.6224254},
month={June},}

@book{SERGEY:2016,
  Author = {Sergey Yurish},
  Title = {Advances in Sensors: Reviews, Vol. 3},
  Publisher = {Ifsa Publishing},
  Year = {2016},
  ISBN = {8460877043},
  URL = {https://www.amazon.com/Advances-Sensors-Reviews-Vol-3/dp/8460877043}
}

@book{augusto:2006,
   title =     {Smart Homes And Beyond: Icost 20 (Assistive Technology Research Series)  (Assistive Technology Research Series)},
   author =    {J. C. Augusto (Editor) C. Nugent (Editor)},
   publisher = {},
   isbn =      {1586036238,9781586036232,9781423797548},
   year =      {2006},
   series =    {},
   edition =   {},
   volume =    {}
}

@INPROCEEDINGS{WESTERFELD:2012,
author={V. X. Navas and J. Destefano and B. J. Koo and E. Doty and D. Westerfeld},
booktitle={2012 IEEE Long Island Systems, Applications and Technology Conference (LISAT)},
title={Smart glove},
year={2012},
pages={1-4},
keywords={accelerometers;data gloves;force sensors;microprocessor chips;mobile handsets;radio transceivers;sport;accelerometer;boxing;combat sport;defensive attack;engagement rule;entertainment;fighter defense mechanics;fighter performance metric;fighter training glove;force sensor;gadget;guard level monitoring;hardware component;kicking mechanics;learning process;microprocessor;mixed martial;mobile device;offensive attack;punch count;punching force measurement;smart glove;software component;sport punching;transceiver;writing software;Accelerometers;Force;Force sensors;Hardware;Punching;Software;Training;boxing;guard level monitoring;mixed martial arts;punch count;punch force;punching mechanics;training glove},
doi={10.1109/LISAT.2012.6223202},
month={May},}

@INPROCEEDINGS{OFLYNN:2013,
author={B. O'Flynn and J. Torres and J. Connolly and J. Condell and K. Curran and P. Gardiner},
booktitle={2013 IEEE International Conference on Body Sensor Networks},
title={Novel smart sensor glove for arthritis rehabiliation},
year={2013},
pages={1-6},
keywords={Accelerometers;Calibration;Data gloves;Joints;Sensors;Thumb;Assisted Living;Microsystem;Rehabilitation;Wireless Sensor Networks;flexible PCB design},
doi={10.1109/BSN.2013.6575529},
ISSN={2376-8886},
month={May},}

@INPROCEEDINGS{BERNIERI:2015,
author={G. Bernieri and L. Faramondi and F. Pascucci},
booktitle={2015 23rd Mediterranean Conference on Control and Automation (MED)},
title={A low cost smart glove for visually impaired people mobility},
year={2015},
pages={130-135},
keywords={data gloves;feedback;handicapped aids;vibrations;low cost smart glove;obstacle position;range finders;reliability;vibration motors;vibro-tactile feedback;visual system degradation;visually impaired people mobility;Acceleration;Accelerometers;Acoustics;Intelligent sensors;Sonar;Vibrations;Assistive Technology;Cyber-Physical Systems},
doi={10.1109/MED.2015.7158740},
month={June},}

@INPROCEEDINGS{CHOUDHARY:2015,
author={T. Choudhary and S. Kulkarni and P. Reddy},
booktitle={2015 International Conference on Pervasive Computing (ICPC)},
title={A Braille-based mobile communication and translation glove for deaf-blind people},
year={2015},
pages={1-4},
keywords={data gloves;electronic messaging;handicapped aids;human computer interaction;language translation;mobile computing;natural language processing;text analysis;wearable computers;Braille alphabet;Braille-based mobile communication;English;PC;SMS;capacitive touch sensors;deaf-blind people;dorsal side;information exchange;input sensors;mini vibrational motors;mobile phone;palmer side;remote contact;smart glove;tactile feedback patterns;translation glove;wearable device communication;Actuators;Bluetooth;Mobile communication;Mobile handsets;Tactile sensors;Vibrations;Braille;assistive technology;deaf-blind;haptics;human-computer interaction;mobile communication;sensory impairment;wearable device},
doi={10.1109/PERVASIVE.2015.7087033},
month={Jan},}

@INPROCEEDINGS{WONG:2010,
author={W. E. Wong and V. Debroy and A. Surampudi and H. Kim and M. F. Siok},
booktitle={2010 Fourth International Conference on Secure Software Integration and Reliability Improvement},
title={Recent Catastrophic Accidents: Investigating How Software was Responsible},
year={2010},
pages={14-22},
keywords={safety-critical software;accident avoidance;causative factor;recent catastrophic accidents;safety-critical software;Accidents;Biomedical applications of radiation;Cancer;Computer science;Hazards;Medical treatment;Oncology;Software safety;Software systems;Transportation;Software safety;catastrophic accidents;mishaps;safety-critical software systems},
doi={10.1109/SSIRI.2010.38},
month={June},}

@INPROCEEDINGS{BENDERS:1992,
author={L. P. M. Benders and M. P. J. Stevens},
booktitle={CompEuro 1992 Proceedings Computer Systems and Software Engineering},
title={Petri net modelling in embedded system design},
year={1992},
pages={612-617},
keywords={Petri nets;concurrency control;performance evaluation;protocols;real-time systems;specification languages;Petri net modelling;concurrency;concurrency visualization;deadlock detection;embedded system design;high-level synthesis;message passing;mutual data protection;nets modeling;protocol requirements analysis;resource sharing identification;starvation detection;synchronization;task-level embedded systems specification;very high-speed integrated circuit hardware description language;Concurrent computing;Data visualization;Embedded system;Hardware design languages;High level synthesis;High speed integrated circuits;Message passing;Petri nets;Protection;System recovery},
doi={10.1109/CMPEUR.1992.218464},
month={May},}

@book{VALK:2002,
  Author = {Claude Girault and Rüdiger Valk},
  Title = {Petri Nets for Systems Engineering},
  Publisher = {Springer},
  Year = {2002},
  ISBN = {3540412174},
  URL = {https://www.amazon.com/Petri-Systems-Engineering-Claude-Girault/dp/3540412174%3FSubscriptionId%3D0JYN1NVW651KCA56C102%26tag%3Dtechkie-20%26linkCode%3Dxm2%26camp%3D2025%26creative%3D165953%26creativeASIN%3D3540412174}
}

@INPROCEEDINGS{ROCHA:2011,
author={E. Cunha and M. Custodio and H. Rocha and R. Barreto},
booktitle={2011 Brazilian Symposium on Computing System Engineering},
title={Formal Verification of UML Sequence Diagrams in the Embedded Systems Context},
year={2011},
pages={39-45},
keywords={Petri nets;Unified Modeling Language;embedded systems;formal verification;reachability analysis;temporal logic;Petri nets;UML sequence diagrams;deadlockfreeness verification;embedded control application;embedded systems context;formal verification;high-level properties specification interface;liveness properties;model checker;motorized platform;reachability;safety;sensory device;temporal logic;Computational modeling;Mathematical model;Petri nets;Process control;Program processors;Synchronization;Unified modeling language;Petri nets;SMV;UML sequence diagrams;model-checker;properties verification},
doi={10.1109/SBESC.2011.18},
ISSN={2324-7886},
month={Nov},}

@inproceedings{LAMPKA:2009,
 author = {Lampka, Kai and Perathoner, Simon and Thiele, Lothar},
 title = {Analytic Real-time Analysis and Timed Automata: A Hybrid Method for Analyzing Embedded Real-time Systems},
 booktitle = {Proceedings of the Seventh ACM International Conference on Embedded Software},
 series = {EMSOFT '09},
 year = {2009},
 isbn = {978-1-60558-627-4},
 location = {Grenoble, France},
 pages = {107--116},
 numpages = {10},
 url = {http://doi.acm.org/10.1145/1629335.1629351},
 doi = {10.1145/1629335.1629351},
 acmid = {1629351},
 publisher = {ACM},
 address = {New York, NY, USA},
 keywords = {hard real-time systems, performance analysis, real-time calculus, timed automata},
}

@book{VAHID:2001,
  Author = {Frank Vahid and Tony D. Givargis},
  Title = {Embedded System Design: A Unified Hardware/Software an Introduction},
  Publisher = {Wiley},
  Year = {2001},
  ISBN = {0471386782},
  URL = {https://www.amazon.com/Embedded-System-Design-Hardware-Introduction/dp/0471386782%3FSubscriptionId%3D0JYN1NVW651KCA56C102%26tag%3Dtechkie-20%26linkCode%3Dxm2%26camp%3D2025%26creative%3D165953%26creativeASIN%3D0471386782},
}

@book{BUTTAZZO:2011,
  title={Hard real-time computing systems: predictable scheduling algorithms and applications},
  author={Buttazzo, Giorgio},
  volume={24},
  year={2011},
  publisher={Springer Science \& Business Media},
}

@article{ATZORI:2010,
title = "The Internet of Things: A survey",
journal = "Computer Networks",
volume = "54",
number = "15",
pages = "2787 - 2805",
year = "2010",
note = "",
issn = "1389-1286",
doi = "http://dx.doi.org/10.1016/j.comnet.2010.05.010",
url = "http://www.sciencedirect.com/science/article/pii/S1389128610001568",
author = "Luigi Atzori and Antonio Iera and Giacomo Morabito",
keywords = "Internet of Things",
keywords = "Pervasive computing",
keywords = "RFID systems"
}

@article{imhome:2011,
title = "I'm home: Defining and evaluating a gesture set for smart-home control",
journal = "International Journal of Human-Computer Studies",
volume = "69",
number = "11",
pages = "693 - 704",
year = "2011",
issn = "1071-5819",
doi = "https://doi.org/10.1016/j.ijhcs.2011.04.005",
url = "http://www.sciencedirect.com/science/article/pii/S1071581911000668",
author = "Christine Kühnel and Tilo Westermann and Fabian Hemmert and Sven Kratz and Alexander Müller and Sebastian Möller",
keywords = "Gesture-based interaction, Smart-home, User-centered design, Mobile device"
}

@misc{qualcomm_2017,
title={VIVE Chipsets},
url={https://www.qualcomm.com/products/vive/chipsets},
journal={Qualcomm},
year={2017},
month={Jun}
}

@article{Weiser:1999,
 author = {Weiser, Mark},
 title = {The Computer for the 21st Century},
 journal = {SIGMOBILE Mob. Comput. Commun. Rev.},
 issue_date = {July 1999},
 volume = {3},
 number = {3},
 month = jul,
 year = {1999},
 issn = {1559-1662},
 pages = {3--11},
 numpages = {9},
 url = {http://doi.acm.org/10.1145/329124.329126},
 doi = {10.1145/329124.329126},
 acmid = {329126},
 publisher = {ACM},
 address = {New York, NY, USA},
}

@ARTICLE{802.11:1997,
author={B. P. Crow and I. Widjaja and J. G. Kim and P. T. Sakai},
journal={IEEE Communications Magazine},
title={IEEE 802.11 Wireless Local Area Networks},
year={1997},
volume={35},
number={9},
pages={116-126},
keywords={IEEE standards;access protocols;data communication;packet radio networks;performance evaluation;telecommunication standards;telecommunication traffic;voice communication;wireless LAN;IEEE 802.11 wireless local area networks;WLAN;draft specification;echo canceler;medium access control sublayer;packetized data;packetized data/voice communication;packetized voice traffic;performance results;point coordination function;protocol;time-bounded requirements;traffic;Automatic repeat request;Bit error rate;Costs;Cryptography;Forward error correction;Interference;Optical transmitters;Standards development;Telecommunication standards;Wireless LAN},
doi={10.1109/35.620533},
ISSN={0163-6804},
month={Sept},}

@ARTICLE{survey:2008,
author={L. Dipietro and A. M. Sabatini and P. Dario},
journal={IEEE Transactions on Systems, Man, and Cybernetics, Part C (Applications and Reviews)},
title={A Survey of Glove-Based Systems and Their Applications},
year={2008},
volume={38},
number={4},
pages={461-482},
keywords={data acquisition;data gloves;gesture recognition;man-machine systems;medical computing;biomedical sciences;gestures recognition;glove-based systems;hand movement data acquisition;man-machine interfaces;Gestures recognition;man--machine interfaces;wearable sensors},
doi={10.1109/TSMCC.2008.923862},
ISSN={1094-6977},
month={July},}

@article{scikit-learn,
 title={Scikit-learn: Machine Learning in {P}ython},
 author={Pedregosa, F. and Varoquaux, G. and Gramfort, A. and Michel, V.
         and Thirion, B. and Grisel, O. and Blondel, M. and Prettenhofer, P.
         and Weiss, R. and Dubourg, V. and Vanderplas, J. and Passos, A. and
         Cournapeau, D. and Brucher, M. and Perrot, M. and Duchesnay, E.},
 journal={Journal of Machine Learning Research},
 volume={12},
 pages={2825--2830},
 year={2011}
}

@Article{accelerometer:2006,
author="Kela, Juha
and Korpip{\"a}{\"a}, Panu
and M{\"a}ntyj{\"a}rvi, Jani
and Kallio, Sanna
and Savino, Giuseppe
and Jozzo, Luca
and Marca, Sergio Di",
title="Accelerometer-based gesture control for a design environment",
journal="Personal and Ubiquitous Computing",
year="2006",
month="Aug",
day="01",
volume="10",
number="5",
pages="285--299",
issn="1617-4917",
doi="10.1007/s00779-005-0033-8",
url="https://doi.org/10.1007/s00779-005-0033-8"
}

@INPROCEEDINGS{uwave:2009,
author={J. Liu and Z. Wang and L. Zhong and J. Wickramasuriya and V. Vasudevan},
booktitle={2009 IEEE International Conference on Pervasive Computing and Communications},
title={uWave: Accelerometer-based personalized gesture recognition and its applications},
year={2009},
volume={},
number={},
pages={1-9},
keywords={accelerometers;authorisation;gesture recognition;mobile radio;statistical analysis;user interfaces;accelerometer-based personalized gesture recognition;consumer electronics;gesture vocabulary;gesture-based user authentication;gesture-based user interaction;mobile devices;mobile user interfaces;statistical methods;uWave;Accelerometers;Application software;Computer vision;Consumer electronics;Hardware;Libraries;Microcontrollers;Pervasive computing;Statistical analysis;Vocabulary;acceleration;dynamic time warping;gesture recognition;personalized gesture},
doi={10.1109/PERCOM.2009.4912759},
ISSN={},
month={March},}

@InProceedings{soapbox:2002,
author="Tuulari, Esa
and Ylisaukko-oja, Arto",
editor="Mattern, Friedemann
and Naghshineh, Mahmoud",
title="SoapBox: A Platform for Ubiquitous Computing Research and Applications",
booktitle="Pervasive Computing",
year="2002",
publisher="Springer Berlin Heidelberg",
address="Berlin, Heidelberg",
pages="125--138",
isbn="978-3-540-45866-1"
}

@ARTICLE{hmm:1989,
author={L. R. Rabiner},
journal={Proceedings of the IEEE},
title={A tutorial on hidden Markov models and selected applications in speech recognition},
year={1989},
volume={77},
number={2},
pages={257-286},
keywords={Markov processes;speech recognition;balls-in-urns system;coin-tossing;discrete Markov chains;ergodic models;hidden Markov models;hidden states;left-right models;probabilistic function;speech recognition;Distortion;Hidden Markov models;Mathematical model;Multiple signal classification;Signal processing;Speech recognition;Statistical analysis;Stochastic processes;Temperature measurement;Tutorial},
doi={10.1109/5.18626},
ISSN={0018-9219},
month={Feb},}

@book{marwedel:2011,
place={Dordrecht},
title={Embedded system design: embedded systems foundations of cyber-physical systems},
publisher={Springer},
author={Marwedel, Peter},
year={2011}}

@book{ayala:1991,
place={St. Paul},
title={The 8051 microcontroller: architecture, programming, and applications},
publisher={West Publishing Co.},
author={Ayala, Kenneth J.},
year={1991}
}


@ARTICLE{558710,
author={S. Edwards and L. Lavagno and E. A. Lee and A. Sangiovanni-Vincentelli},
journal={Proceedings of the IEEE},
title={Design of embedded systems: formal models, validation, and synthesis},
year={1997},
volume={85},
number={3},
pages={366-390},
doi={10.1109/5.558710},
ISSN={0018-9219},
month={Mar},}

@book{norvig:780391,
   title =     {Artificial Intelligence: A Modern Approach},
   author =    {Stuart Russell, Peter Norvig},
   publisher = {Prentice Hall},
   isbn =      {0136042597,9780136042594},
   year =      {2010},
   series =    {Prentice Hall Series in Artificial Intelligence},
   edition =   {3rd},
}